

@inproceedings{simplifying,
  title={{SIMPLE-fying Middlebox Policy Enforcement Using SDN}},
  author={Zafar Ayyub Qazi and Cheng-Chun Tu and Luis Chiang and Rui Miao and Vyas Sekar and Minlan Yu},
  booktitle={Proc.~of ACM SIGCOMM},
  year={2013}
}


@inproceedings{StandardAPI,
  title={{A Standardized Southbound API for VNF Management}},
  author={Junaid Khalid and Aaron Gember-Jacobson and Mark Coatsworth and Aditya Akella},
  booktitle={Proc.~of the 2016 ACM SIGCOMM Workshop on Hot Topics in Middleboxes and Network Function Virtualization (HotMiddlebox'16)},
  year={2016}
}


@inproceedings{AnalysisActor,
  title={{Big Data Analysis using Distributed Actors Framework}},
  author={Sanjeev Mohindra and Daniel Hook and Andrew Prout and Ai-Hoa Sanh and An Tran and Charles Yee},
  booktitle={Proc.~of the 2013 IEEE High Performance Extreme Computing Conference (HPEC)},
  year={2013}
}


@inproceedings{EnablingNF,
  title={{Enabling End-host Network Functions}},
  author={Hitesh Ballani and Paolo Costa and Christos Gkantsidis and Matthew P. Grosvenor and Thomas Karagiannis and Lazaros Koromilas and Greg O'Shea},
  booktitle={Proc.~of ACM SIGCOMM},
  year={2015}
}


@inproceedings{palkar2015e2,
  title={{E2: a Framework for NFV Applications}},
  author={Palkar, Shoumik and Lan, Chang and Han, Sangjin and Jang, Keon and Panda, Aurojit and Ratnasamy, Sylvia and Rizzo, Luigi and Shenker, Scott},
  booktitle={Proc.~of the 25th Symposium on Operating Systems Principles (SOSP'15)},
  year={2015}
}

@inproceedings{rizzo2013speeding,
  title={Speeding up packet i/o in virtual machines},
  author={R. Luigi and L. Giuseppe and M. Vincenzo},
  booktitle={ANCS},
  year={2013}
}

@techreport{gember2012stratos,
  title={{Stratos: Virtual Middleboxes as First-class Entities}},
  author={Gember, Aaron and Grandl, Robert and Anand, Ashok and Benson, Theophilus and Akella, Aditya},
  month={UW-Madison},
  year={2012}
}

@inproceedings{gember2015opennf,
  title={{OpenNF: Enabling Innovation in Network Function Control}},
  author={Gember-Jacobson, Aaron and Viswanathan, Raajay and Prakash, Chaithan and Grandl, Robert and Khalid, Junaid and Das, Sourav and Akella, Aditya},
  booktitle={Proc.~of ACM SIGCOMM},
  year={2014}
}


@techreport{Han:EECS-2015-155,
    Author = {Han, Sangjin and Jang, Keon and Panda, Aurojit and Palkar, Shoumik and Han, Dongsu and Ratnasamy, Sylvia},
    Title = {{SoftNIC: A Software NIC to Augment Hardware}},
    Institution = {EECS Department, University of California, Berkeley},
    Year = {2015}
    }

@inproceedings{sekar2012design,
  title={{Design and Implementation of a Consolidated Middlebox Architecture}},
  author={Sekar, Vyas and Egi, Norbert and Ratnasamy, Sylvia and Reiter, Michael K and Shi, Guangyu},
  booktitle={Proc.~of the 9th USENIX Symposium on Networked Systems Design and Implementation (NSDI'12)},
  year={2012}
}

@inproceedings{bremler2015openbox,
  title={{OpenBox: Enabling Innovation in Middlebox Applications}},
  author={Bremler-Barr, Anat and Harchol, Yotam and Hay, David},
  booktitle={Proc~of the 2015 ACM SIGCOMM Workshop on Hot Topics in Middleboxes and Network Function Virtualization (HotMiddlebox'15)},
  year={2015}
}

@inproceedings{OpenBox,
  title={{OpenBox: A Software-Defined Framework for Developing, Deploying, and Managing Network Functions}},
  author={Bremler-Barr, Anat and Harchol, Yotam and Hay, David},
  booktitle={Proc.~of ACM SIGCOMM},
  year={2016}
}


@inproceedings{khalid2016paving,
  title={{Paving the Way for NFV: Simplifying Middlebox Modifications Using StateAlyzr}},
  author={Khalid, Junaid and Gember-Jacobson, Aaron and Michael, Roney and Abhashkumar, Anubhavnidhi and Akella, Aditya},
  booktitle={Proc.~of the 13th USENIX Symposium on Networked Systems Design and Implementation (NSDI'16)},
  year={2016}
}

@inproceedings{sherry2015rollback,
  title={{Rollback-Recovery for Middleboxes}},
  author={Sherry, Justine and Gao, Peter Xiang and Basu, Soumya and Panda, Aurojit and Krishnamurthy, Arvind and Maciocco, Christian and Manesh, Maziar and Martins, Jo{\~a}o and Ratnasamy, Sylvia and Rizzo, Luigi and others},
  booktitle={Proc.~of SIGCOMM},
  year={2015}
}

@inproceedings{anderson2012xomb,
  title={{xOMB: Extensible Open Middleboxes with Commodity Servers}},
  author={Anderson, James W and Braud, Ryan and Kapoor, Rishi and Porter, George and Vahdat, Amin},
  booktitle={Proc.~of the eighth ACM/IEEE symposium on Architectures for networking and communications systems (ANCS'12)},
  year={2012}
}

@inproceedings{zhang2016opennetvm,
  title={{OpenNetVM: A Platform for High Performance Network Service Chains}},
  author={Zhang, Wei and Liu, Guyue and Zhang, Wenhui and Shah, Neel and Lopreiato, Phil and Todeschi, Gregoire and Ramakrishnan, KK and Wood, Timothy},
  booktitle={Proc.~of the 2016 ACM SIGCOMM Workshop on Hot Topics in Middleboxes and Network Function Virtualization (HotMiddlebox'16)},
  year={2016}
}

@inproceedings{rajagopalan2013split,
  title={{Split/Merge: System Support for Elastic Execution in Virtual Middleboxes}},
  author={Rajagopalan, Shriram and Williams, Dan and Jamjoom, Hani and Warfield, Andrew},
  booktitle={Proc.~of the 10th USENIX Symposium on Networked Systems Design and Implementation (NSDI'13)},
  year={2013}
}

@inproceedings{rajagopalan2013pico,
  title={{Pico Replication: A High Availability Framework for Middleboxes}},
  author={Rajagopalan, Shriram and Williams, Dan and Jamjoom, Hani},
  booktitle={Proc.~of the 4th Annual Symposium on Cloud Computing (SOCC'13)},
  year={2013}
}

@article{kohler2000click,
  title={{The Click modular router}},
  author={Kohler, Eddie and Morris, Robert and Chen, Benjie and Jannotti, John and Kaashoek, M Frans},
  journal={ACM Transactions on Computer Systems (TOCS)},
  volume={18},
  number={3},
  pages={263--297},
  year={2000}
}

@article{hwang2015netvm,
  title={{NetVM: High Performance and Flexible Networking Using Virtualization on Commodity Platforms}},
  author={Hwang, Jinho and Ramakrishnan, KK and Wood, Timothy},
  journal={IEEE Transactions on Network and Service Management},
  volume={12},
  number={1},
  pages={34--47},
  year={2015}
}


@inproceedings{decandia2007dynamo,
  title={{Dynamo: Aamazon's Highly Available Key-value Store}},
  author={DeCandia, Giuseppe and Hastorun, Deniz and Jampani, Madan and Kakulapati, Gunavardhan and Lakshman, Avinash and Pilchin, Alex and Sivasubramanian, Swaminathan and Vosshall, Peter and Vogels, Werner},
  booktitle={Proc.~of the 21st ACM SIGOPS symposium on Operating systems principles (SOSP'07)},
  year={2007}
}


@article{chs-rapc-16,
  author = {Dominik Charousset and Raphael Hiesgen and Thomas C. Schmidt},
  title = {{Revisiting Actor Programming in C++}},
  journal = {Computer Languages, Systems \& Structures},
  volume = {45},
  year = {2016},
  month = "April",
  pages = {105--131}
}

@inproceedings{pfaff2015design,
  title={{The Design and Implementation of Open vSwitch}},
  author={Pfaff, Ben and Pettit, Justin and Koponen, Teemu and Jackson, Ethan and Zhou, Andy and Rajahalme, Jarno and Gross, Jesse and Wang, Alex and Stringer, Joe and Shelar, Pravin and others},
  booktitle={Proc.~of the 12th USENIX symposium on Networked Systems Design and Implementation (NSDI'15)},
  year={2015}
}

@inproceedings{martins2014clickos,
  title={{ClickOS and the Art of Network Function Virtualization}},
  author={Martins, Joao and Ahmed, Mohamed and Raiciu, Costin and Olteanu, Vladimir and Honda, Michio and Bifulco, Roberto and Huici, Felipe},
  booktitle={Proc.~of the 11th USENIX Conference on Networked Systems Design and Implementation (NSDI'14)},
  year={2014}
}

@article{mckeown2008openflow,
  title={{OpenFlow: Enabling Innovation in Campus Networks}},
  author={McKeown, Nick and Anderson, Tom and Balakrishnan, Hari and Parulkar, Guru and Peterson, Larry and Rexford, Jennifer and Shenker, Scott and Turner, Jonathan},
  journal={ACM SIGCOMM Computer Communication Review},
  volume={38},
  number={2},
  pages={69--74},
  year={2008}
}

@inproceedings{zhou2013scalable,
  title={{Scalable, High Performance Ethernet Forwarding with CuckooSwitch}},
  author={Zhou, Dong and Fan, Bin and Lim, Hyeontaek and Kaminsky, Michael and Andersen, David G},
  booktitle={Proc.~of the Ninth ACM conference on emerging Networking EXperiments and Technologies (CoNEXT'13)},
  year={2013}
}

@inproceedings{pagh2001cuckoo,
  title={{Cuckoo Hashing}},
  author={Pagh, Rasmus and Rodler, Flemming Friche},
  booktitle={Proc.~of the 9th Annual European Symposium on Algorithms},
  year={2001}
}

@inproceedings{chandra2007paxos,
  title={{Paxos Made live: an Engineering Perspective}},
  author={Chandra, Tushar D and Griesemer, Robert and Redstone, Joshua},
  booktitle={Proc.~of the twenty-sixth annual ACM symposium on Principles of distributed computing (PODC'07)},
  year={2007}
}

@inproceedings {199352,
author = {Aurojit Panda and Sangjin Han and Keon Jang and Melvin Walls and Sylvia Ratnasamy and Scott Shenker},
title = {{NetBricks: Taking the V out of NFV}},
booktitle = {Proc.~of the 12th USENIX Symposium on Operating Systems Design and Implementation (OSDI'16)},
year = {2016}
}

@inproceedings{litton2016light,
  title={{Light-Weight Contexts: An OS Abstraction for Safety and Performance}},
  author={Litton, James and Vahldiek-Oberwagner, Anjo and Elnikety, Eslam and Garg, Deepak and Bhattacharjee, Bobby and Druschel, Peter},
  booktitle={Proc.~of the 12th USENIX Symposium on Operating Systems Design and Implementation (OSDI'16)},
  year={2016}
}

@inproceedings{newell2016optimizing,
  title={{Optimizing Distributed Actor Systems for Dynamic Interactive Services}},
  author={Newell, Andrew and Kliot, Gabriel and Menache, Ishai and Gopalan, Aditya and Akiyama, Soramichi and Silberstein, Mark},
  booktitle={Proc.~of the Eleventh European Conference on Computer Systems (EuroSys'16)},
  year={2016}
}

@inproceedings{hunt2010zookeeper,
  title={ZooKeeper: Wait-free Coordination for Internet-scale Systems.},
  author={Hunt, Patrick and Konar, Mahadev and Junqueira, Flavio Paiva and Reed, Benjamin},
  booktitle={Proc.~of the USENIX Annual Technical Conference (ATC '10)},
  year={2010}
}

@inproceedings{zhang2016flurries,
  title={Flurries: Countless Fine-Grained NFs for Flexible Per-Flow Customization},
  author={Zhang, Wei and Hwang, Jinho and Rajagopalan, Shriram and Ramakrishnan, KK and Wood, Timothy},
  booktitle={Proc.~of the 12th International on Conference on emerging Networking EXperiments and Technologies (CoNEXT '16)},
  year={2016}
}

@inproceedings{jeong2014mtcp,
  title={mTCP: a Highly Scalable User-level TCP Stack for Multicore Systems.},
  author={Jeong, EunYoung and Woo, Shinae and Jamshed, Muhammad Asim and Jeong, Haewon and Ihm, Sunghwan and Han, Dongsu and Park, KyoungSoo},
  booktitle={Proc.~of the 11th USENIX Conference on Networked Systems Design and Implementation (NSDI'14)},
  year={2014}
}

@inproceedings{wischik2011design,
  title={Design, Implementation and Evaluation of Congestion Control for Multipath TCP.},
  author={Wischik, Damon and Raiciu, Costin and Greenhalgh, Adam and Handley, Mark},
  booktitle={Proc.~of the 8th USENIX Conference on Networked Systems Design and Implementation (NSDI'11)},
  year={2011}
}


@misc{dpdk,
title = {Intel Data Plane Development Kit},
howpublished = "\url{http://dpdk.org/}"
}

@misc{netmap,
title = {Netmap},
howpublished = "\url{info.iet.unipi.it/~luigi/netmap/}"
}

@misc{bess,
title = {BESS: Berkeley Extensible Software Switch},
howpublished = "\url{https://github.com/NetSys/bess}"
}

@misc{actor-wiki,
title = {Actor Model},
howpublished = "\url{https://en.wikipedia.org/wiki/Actor_model}"
}

@misc{actor-persistence,
title = {Actor Persistence},
howpublished = "\url{http://doc.akka.io/docs/akka/snapshot/scala/persistence.html}"
}

@misc{akka,
title = {Scala Akka},
howpublished = "\url{akka.io/}"
}

@misc{erlang,
title = {Erlang},
howpublished = "\url{https://www.erlang.org/}"
}

@misc{Orleans,
title = {Orleans},
howpublished = "\url{research.microsoft.com/en-us/projects/orleans/}"
}

@misc{caf,
title = {C++ Actor Framework},
howpublished = "\url{http://actor-framework.org/}"
}

@misc{http-keep-alive,
title = {HTTP Keep Alive},
howpublished = "\url{https://en.wikipedia.org/wiki/HTTP_persistent_connection}"
}

@misc{ffmpeg,
title = {FFMPEG},
howpublished = "\url{https://ffmpeg.org/}"
}

@misc{ftp,
title = {FTP},
howpublished = "\url{https://en.wikipedia.org/wiki/File_Transfer_Protocol}"
}

@misc{bro,
title = {Bro},
howpublished = "\url{https://www.bro.org/}"
}

@misc{firewall,
title = {iptables},
howpublished = "\url{https://en.wikipedia.org/wiki/Iptables}"
}

@misc{lvs,
title = {Linux Virtual Server},
howpublished = "\url{www.linuxvirtualserver.org/}"
}

@misc{squid,
title = {Squid Caching Proxy},
howpublished = "\url{www.squid-cache.org/}"
}

@misc{blizzard,
title = {Blizzard Entertainment},
howpublished = "\url{blizzard.com/}"
}

@inproceedings{groupon,
title = {Groupon},
url = {https://www.groupon.com/}
}

@misc{nfv-white-paper,
title = {NFV White Paper},
howpublished = "\url{https://portal.etsi.org/nfv/nfv_white_paper.pdf}"
}

@inproceedings{criu,
title = {CRIU},
url = {https://criu.org/Main_Page}
}

@misc{grpc,
title = {GRPC},
howpublished = "\url{http://www.grpc.io/}"
}

@misc{rss,
title = {Receiver Side Scaling},
howpublished = "\url{https://www.kernel.org/doc/Documentation/networking/scaling.txt}"
}

@misc{docker,
title = {Docker Container},
howpublished = "\url{https://www.docker.com/}"
}

@misc{snort,
title = {Snort IDS},
howpublished = "\url{https://www.snort.org/}"
}

@misc{prads,
title = {Passive Real-time Asset Detection System},
howpublished = "\url{http://gamelinux.github.com/prads/}"
}

@misc{projectcode,
  title =  {{The NFVActor Project}},
  howpublished = "\url{https://github.com/duanjp8617/nfvactor}"
}

@inproceedings{technical-report,
  title =  {{NFVActor Technical Report}},
  url ={http://i.cs.hku.hk/~jpduan/nfvactor_technical_report.pdf}
}

@inproceedings {201545,
author = {Murad Kablan and Azzam Alsudais and Eric Keller and Franck Le},
title = {Stateless Network Functions: Breaking the Tight Coupling of State and Processing},
booktitle = {14th USENIX Symposium on Networked Systems Design and Implementation (NSDI 17)},
year = {2017},
isbn = {978-1-931971-37-9},
address = {Boston, MA},
pages = {97--112},
url = {https://www.usenix.org/conference/nsdi17/technical-sessions/presentation/kablan},
publisher = {USENIX Association},
}

@inproceedings{ongaro2011fast,
  title={Fast crash recovery in RAMCloud},
  author={Ongaro, Diego and Rumble, Stephen M and Stutsman, Ryan and Ousterhout, John and Rosenblum, Mendel},
  booktitle={Proceedings of the Twenty-Third ACM Symposium on Operating Systems Principles},
  pages={29--41},
  year={2011},
  organization={ACM}
}

@article{aho1975efficient,
  title={Efficient string matching: an aid to bibliographic search},
  author={Aho, Alfred V and Corasick, Margaret J},
  journal={Communications of the ACM},
  volume={18},
  number={6},
  pages={333--340},
  year={1975},
  publisher={ACM}
}

@inproceedings{qazi2017high,
  title={A High Performance Packet Core for Next Generation Cellular Networks},
  author={Qazi, Zafar Ayyub and Walls, Melvin and Panda, Aurojit and Sekar, Vyas and Ratnasamy, Sylvia and Shenker, Scott},
  booktitle={Proceedings of the Conference of the ACM Special Interest Group on Data Communication},
  pages={348--361},
  year={2017},
  organization={ACM}
}

% scalims missing bibliography
@misc{nfv-website,
  title = {{NFV}},
  howpublished = {\url{http://www.3gpp.org/DynaReport/23228.htm}}
}

@misc{3gpp-ims,
title = {{3GPP specification: 23.228}},
howpublished = {\url{http://www.3gpp.org/ftp/Specs/html-info/23228.htm}}
}

@misc{epc,
title = {{EPC}},
howpublished = {\url{http://www.3gpp.org/technologies/keywords-acronyms/100-the-evolved-packet-core}}
}

@misc{umts,
title = {{UMTS}},
howpublished = {\url{http://www.3gpp.org/technologies/keywords-acronyms/103-umts}}
}

@misc{lte,
title = {{LTE}},
howpublished = {\url{http://www.3gpp.org/technologies/keywords-acronyms/98-lte}}
}

@misc{sip,
title = {{SIP: Session Initiation Protocol}},
howpublished = {\url{https://www.ietf.org/rfc/rfc3261.txt}}
}

@misc{softlayer,
title = {{SoftLayer}},
howpublished = {\url{www.softlayer.com}}
}

@inproceedings{qazi2016klein,
  title={KLEIN: A minimally disruptive design for an elastic cellular core},
  author={Q. Z. Ayyub and P. P. Krishna and S. Vyas},
  booktitle={SOSR},
  year={2016}
}

@misc{project-clearwater,
title = {{Project Clearwater}},
howpublished = {\url{http://www.projectclearwater.org/}}
}

@inproceedings{wood2007black,
  title={Black-box and Gray-box Strategies for Virtual Machine Migration.},
  author={W. Timothy and S. Prashant and V. Arun},
  booktitle={NSDI},
  year={2007}
}

@inproceedings{jain2013b4,
  title={B4: Experience with a globally-deployed software defined WAN},
  author={J. Sushant and K. Alok and M. Subhasree},
  booktitle={SIGCOMM},
  year={2013}
}

@inproceedings{hong2013achieving,
  title={Achieving high utilization with software-driven WAN},
  author={H. Chi-Yao and K. Srikanth and M. Ratul},
  booktitle={SIGCOMM},
  year={2013}
}

@inproceedings{ren2016dynamic,
  title={Dynamic Auto Scaling Algorithm (DASA) for 5G mobile networks},
  author={R. Yi and P. Tuan and C. Cheng and Y. Wei},
  booktitle={GLOBECOM},
  year={2016}
}

@misc{nfvmano,
title = {{ETSI NFV MANO framework}},
howpublished = {\url{https://wiki.opnfv.org/display/mano/ETSI-MANO}}
}

@misc{iplocation,
title = {{IP Location Finder}},
howpublished = {\url{https://www.iplocation.net/}}
}

@inproceedings{stephens2012past,
  title={PAST: Scalable Ethernet for data centers},
  author={S. Brent and C. Alan and F. Wes},
  booktitle={ACM Proc. of CoNext},
  year={2012},
}

@misc{floodlight,
title = {{Floodlight}},
howpublished = {\url{http://www.projectfloodlight.org/floodlight/}}
}

@misc{pjsip,
title = {{PJSIP}},
howpublished = {\url{http://www.pjsip.org/}}
}

%NetStar
@misc{haproxy,
title = {{HAProxy}},
howpublished = {\url{https://www.snort.org/}}
}

@misc{telephone-number-mapping,
title = {{Telephone number mapping}},
howpublished = {\url{https://en.wikipedia.org/wiki/Telephone_number_mapping}}
}

@misc{bro-scripting-tutorial,
title = {{Bro Scripting Tutorial}},
howpublished = {\url{https://www.bro.org/sphinx/scripting/}}
}

@misc{MHR,
title = {{Malware Hash Registry}},
howpublished = {\url{http://www.team-cymru.org/MHR.html}}
}

@misc{sha1,
title = {{Secure Hash Algorithm 1}},
howpublished = {\url{https://en.wikipedia.org/wiki/SHA-1}}
}

@article{paxson1999bro,
  title={Bro: a system for detecting network intruders in real-time},
  author={Paxson, Vern},
  journal={Computer networks},
  volume={31},
  number={23-24},
  pages={2435--2463},
  year={1999},
  publisher={Elsevier}
}

@inproceedings{gallaba2015don,
  title={Don't call us, we'll call you: Characterizing callbacks in JavaScript},
  author={Gallaba, Keheliya and Mesbah, Ali and Beschastnikh, Ivan},
  booktitle={Empirical Software Engineering and Measurement (ESEM), 2015 ACM/IEEE International Symposium on},
  pages={1--10},
  year={2015},
  organization={IEEE}
}

@inproceedings{kambona2013evaluation,
  title={An evaluation of reactive programming and promises for structuring collaborative web applications},
  author={Kambona, Kennedy and Boix, Elisa Gonzalez and De Meuter, Wolfgang},
  booktitle={Proceedings of the 7th Workshop on Dynamic Languages and Applications},
  pages={3},
  year={2013},
  organization={ACM}
}

@inproceedings{syme2011f,
  title={The F\# asynchronous programming model},
  author={Syme, Don and Petricek, Tomas and Lomov, Dmitry},
  booktitle={International Symposium on Practical Aspects of Declarative Languages},
  pages={175--189},
  year={2011},
  organization={Springer}
}

@misc{tornado-web-server,
title = {Tornado Web Framework},
howpublished = "\url{http://www.tornadoweb.org/}"}


@misc{rethinkdb,
title = {RethinkDB Blog Post},
howpublished = "\url{https://rethinkdb.com/blog/improving-a-large-c-project-with-coroutines/}"}

@misc{coroutine,
title = {Coroutine},
howpublished = "\url{https://en.wikipedia.org/wiki/Coroutine}"}

@misc{haskell,
title = {Haskell Programming Language},
howpublished = "\url{https://www.haskell.org/}"}

@misc{scylladb,
title = {Scylla Database},
howpublished = "\url{http://www.scylladb.com/}"}

@misc{cpplambda,
title = {C++ lambda expressions},
howpublished = "\url{http://en.cppreference.com/w/cpp/language/lambda}"}

@misc{cppexception,
title = {C++ try-block},
howpublished = "\url{http://en.cppreference.com/w/cpp/language/try_catch}"}

@misc{tinyproxy,
title = {Tinyproxy},
howpublished = "\url{https://tinyproxy.github.io/}"}

@misc{netstar-source,
title = {NetStar source code.},
howpublished = "\url{https://github.com/sigcomm18p126/netstar}"}


@inproceedings{li2007combining,
  title={Combining events and threads for scalable network services implementation and evaluation of monadic, application-level concurrency primitives},
  author={Li, Peng and Zdancewic, Steve},
  booktitle={Acm sigplan notices},
  volume={42},
  number={6},
  pages={189--199},
  year={2007},
  organization={ACM}
}

@article{claessen1999poor,
  title={A poor man's concurrency monad},
  author={Claessen, Koen},
  journal={Journal of Functional Programming},
  volume={9},
  number={3},
  pages={313--323},
  year={1999},
  publisher={Cambridge University Press}
}

@inproceedings{wtf,
  title={Lwt: a cooperative thread library},
  author={Vouillon, J.},
  booktitle={Proceedings of the 2008 ACM SIGPLAN workshop on ML},
  year={2008},
  organization={ACM}
}

@article{ousterhout2015ramcloud,
  title={The RAMCloud storage system},
  author={Ousterhout, John and Gopalan, Arjun and Gupta, Ashish and Kejriwal, Ankita and Lee, Collin and Montazeri, Behnam and Ongaro, Diego and Park, Seo Jin and Qin, Henry and Rosenblum, Mendel and others},
  journal={ACM Transactions on Computer Systems (TOCS)},
  volume={33},
  number={3},
  pages={7},
  year={2015},
  publisher={ACM}
}

@inproceedings {179747,
author = {Hyeontaek Lim and Dongsu Han and David G. Andersen and Michael Kaminsky},
title = {{MICA}: A Holistic Approach to Fast In-Memory Key-Value Storage},
booktitle = {11th {USENIX} Symposium on Networked Systems Design and Implementation ({NSDI} 14)},
year = {2014},
isbn = {978-1-931971-09-6},
address = {Seattle, WA},
pages = {429--444},
url = {https://www.usenix.org/conference/nsdi14/technical-sessions/presentation/lim},
publisher = {{USENIX} Association},
}

@article{bosshart2014p4,
  title={P4: Programming protocol-independent packet processors},
  author={Bosshart, Pat and Daly, Dan and Gibb, Glen and Izzard, Martin and McKeown, Nick and Rexford, Jennifer and Schlesinger, Cole and Talayco, Dan and Vahdat, Amin and Varghese, George and others},
  journal={ACM SIGCOMM Computer Communication Review},
  volume={44},
  number={3},
  pages={87--95},
  year={2014},
  publisher={ACM}
}

@inproceedings {201546,
author = {Muhammad Asim Jamshed and YoungGyoun Moon and Donghwi Kim and Dongsu Han and KyoungSoo Park},
title = {mOS: A Reusable Networking Stack for Flow Monitoring Middleboxes},
booktitle = {14th USENIX Symposium on Networked Systems Design and Implementation (NSDI 17)},
year = {2017},
isbn = {978-1-931971-37-9},
address = {Boston, MA},
pages = {113--129},
url = {https://www.usenix.org/conference/nsdi17/technical-sessions/presentation/jamshed},
publisher = {USENIX Association},
}

@inproceedings{Qazi:2017:HPP:3098822.3098848,
 author = {Qazi, Zafar Ayyub and Walls, Melvin and Panda, Aurojit and Sekar, Vyas and Ratnasamy, Sylvia and Shenker, Scott},
 title = {A High Performance Packet Core for Next Generation Cellular Networks},
 booktitle = {Proceedings of the Conference of the ACM Special Interest Group on Data Communication},
 series = {SIGCOMM '17},
 year = {2017},
 isbn = {978-1-4503-4653-5},
 location = {Los Angeles, CA, USA},
 pages = {348--361},
 numpages = {14},
 url = {http://doi.acm.org/10.1145/3098822.3098848},
 doi = {10.1145/3098822.3098848},
 acmid = {3098848},
 publisher = {ACM},
 address = {New York, NY, USA},
 keywords = {Cellular Networks, EPC, Network Function},
}

@misc{seastar,
title = {{Seastar Project}},
howpublished = {\url{http://www.seastar-project.org/}}
}
